% Encoding: UTF-8

@misc{biv,
    author    = "Benoit Viguier",
    title     = "{Benoit Viguier Mrs}",
    url       = "https://benoit.viguier.nl"
}

@misc{bear,
    author    = "Thomas Pornin",
    title     = "BearSSL",
    url       = "https://www.bearssl.org/"
}
@Article{Dijk2010,
  author = {Marten van Dijk and Craig Gentry and Shai Halevi and Vinod Vaikuntanathan},
  title  = {Fully Homomorphic Encryption Over The Integers},
  year   = {2010},
}

@Comment{jabref-meta: databaseType:bibtex;}
